<record xmlns="http://www.loc.gov/MARC21/slim" xmlns:xsi="http://www.w3.org/2001/XMLSchema-instance" xsi:schemaLocation="http://www.loc.gov/MARC21/slim http://www.loc.gov/standards/marcxml/schema/MARC21slim.xsd"><leader>02312nam a2200445   4500</leader><controlfield tag="001">001680252</controlfield><controlfield tag="003">NNU</controlfield><controlfield tag="006">m        d        </controlfield><controlfield tag="007">cr cn |||m|||a</controlfield><controlfield tag="008">150223s1967    xx      ob    000 0 ara</controlfield><datafield ind1=" " ind2=" " tag="040"><subfield code="a">NNU</subfield><subfield code="b">eng</subfield><subfield code="e">rda</subfield><subfield code="c">NNU</subfield></datafield><datafield ind1="0" ind2="0" tag="050"><subfield code="a">PJ7696</subfield><subfield code="b">.A27 1967</subfield></datafield><datafield ind1="1" ind2=" " tag="100"><subfield code="6">880-01</subfield><subfield code="a">Abu Zubayd, H&#803;armalah ibn al-Mundhir,</subfield><subfield code="d">active 7th century.</subfield></datafield><datafield ind1="1" ind2="0" tag="245"><subfield code="6">880-02</subfield><subfield code="a">Shi&#699;r Abi&#772; Zubayd al-T&#803;a&#772;&#700;i&#772; /</subfield><subfield code="c">Jama&#699;ahu wa h&#803;aqqaqahu Nu&#772;ri&#772; H&#803;ammu&#772;di&#772; al-Qaysi&#772;.</subfield></datafield><datafield ind1="1" ind2="4" tag="246"><subfield code="6">880-03</subfield><subfield code="a">Shi&#699;r Abi&#772; Zubayd al-T&#803;a&#772;&#700;i&#772; H&#803;armalah bin al-Mundhir</subfield></datafield><datafield ind1=" " ind2="1" tag="264"><subfield code="6">880-04</subfield><subfield code="a">Baghda&#772;d :</subfield><subfield code="b">Mat&#803;ba&#699;at al-Ma&#699;a&#772;rif;</subfield><subfield code="c">1967.</subfield></datafield><datafield ind1=" " ind2=" " tag="300"><subfield code="a">online resource (213 pages)</subfield></datafield><datafield ind1=" " ind2=" " tag="336"><subfield code="a">text</subfield><subfield code="2">rdacontent</subfield></datafield><datafield ind1=" " ind2=" " tag="337"><subfield code="a">computer</subfield><subfield code="2">rdamedia</subfield></datafield><datafield ind1=" " ind2=" " tag="338"><subfield code="a">online resource</subfield><subfield code="2">rdacarrier</subfield></datafield><datafield ind1=" " ind2=" " tag="500"><subfield code="a">Cover title: Shi&#700;r Abi&#772; Zubayd al-Ta&#700;l.</subfield></datafield><datafield ind1=" " ind2=" " tag="500"><subfield code="a">Part of the Arabic Collections Online (ACO) project, contributed by New York Univeristy Libraries.</subfield></datafield><datafield ind1=" " ind2=" " tag="504"><subfield code="a">Includes bibliographical references (pages 197-200).</subfield></datafield><datafield ind1=" " ind2=" " tag="533"><subfield code="a">Electronic reproduction.</subfield><subfield code="b">New York, N.Y. :</subfield><subfield code="c">New York University,</subfield><subfield code="d">2015.</subfield><subfield code="5">NNU</subfield></datafield><datafield ind1=" " ind2="0" tag="650"><subfield code="a">Arabic literature</subfield><subfield code="y">622-750.</subfield></datafield><datafield ind1=" " ind2="7" tag="650"><subfield code="a">Arabic literature.</subfield><subfield code="2">fast</subfield><subfield code="0">(OCoLC)fst00812478</subfield></datafield><datafield ind1=" " ind2="7" tag="648"><subfield code="a">622 - 750</subfield><subfield code="2">fast</subfield></datafield><datafield ind1="1" ind2=" " tag="700"><subfield code="6">880-05</subfield><subfield code="a">Qaysi&#772;, Nu&#772;ri&#772; H&#803;ammu&#772;di&#772;,</subfield><subfield code="e">editor.</subfield></datafield><datafield ind1="2" ind2=" " tag="710"><subfield code="a">New York University.</subfield><subfield code="b">Libraries.</subfield></datafield><datafield ind1="0" ind2=" " tag="730"><subfield code="a">Arabic Collections Online.</subfield></datafield><datafield ind1="0" ind2="8" tag="776"><subfield code="i">Online version:</subfield><subfield code="a">Abu&#772; Zubayd al-T&#803;a&#772;&#700;i&#772;, H&#803;armalah ibn al-Mundhir, 7th cent.</subfield><subfield code="t">Shi&#700;r Abi&#772; Zubayd al-T&#803;a&#772;&#700;l.</subfield><subfield code="d">1967</subfield><subfield code="w">(OCoLC)586073283</subfield></datafield><datafield ind1="0" ind2="8" tag="776"><subfield code="i">Print version:</subfield><subfield code="a">Abu Zubayd, H&#803;armalah ibn al-Mundhir, active 7th century.</subfield><subfield code="t">Shi&#699;r Abi&#772; Zubayd al-T&#803;a&#772;&#700;i&#772;</subfield><subfield code="w">(NNU)001680252</subfield><subfield code="w">(DLC)ne 68000547</subfield></datafield><datafield ind1="4" ind2="0" tag="856"><subfield code="u">http://hdl.handle.net/2333.1/xwdbrwx1</subfield></datafield><datafield ind1="1" ind2=" " tag="880"><subfield code="6">100-01/</subfield><subfield code="a">&#1575;&#1576;&#1608; &#1586;&#1576;&#1610;&#1583;&#1548; &#1581;&#1585;&#1605;&#1604;&#1577; &#1576;&#1606; &#1575;&#1604;&#1605;&#1606;&#1584;&#1585;&#1548;</subfield><subfield code="d">active 7th century.</subfield></datafield><datafield ind1="1" ind2="0" tag="880"><subfield code="6">245-02/</subfield><subfield code="a">&#1588;&#1593;&#1585; &#1575;&#1576;&#1610; &#1586;&#1576;&#1610;&#1583; &#1575;&#1604;&#1591;&#1575;&#1574;&#1610; /</subfield><subfield code="c">&#1580;&#1605;&#1593;&#1607; &#1608; &#1581;&#1602;&#1602;&#1607; &#1606;&#1608;&#1585;&#1610; &#1581;&#1605;&#1608;&#1583;&#1610; &#1575;&#1604;&#1602;&#1610;&#1587;&#1610;.</subfield></datafield><datafield ind1="1" ind2="4" tag="880"><subfield code="6">246-03/</subfield><subfield code="a">&#1588;&#1593;&#1585; &#1575;&#1576;&#1610; &#1586;&#1576;&#1610;&#1583; &#1575;&#1604;&#1591;&#1575;&#1574;&#1610; &#1581;&#1585;&#1605;&#1604;&#1577; &#1576;&#1606; &#1575;&#1604;&#1605;&#1606;&#1584;&#1585;</subfield></datafield><datafield ind1=" " ind2="1" tag="880"><subfield code="6">264-04/</subfield><subfield code="a">&#1576;&#1594;&#1583;&#1575;&#1583; :</subfield><subfield code="b">&#1605;&#1591;&#1576;&#1593;&#1577; &#1575;&#1604;&#1605;&#1593;&#1575;&#1585;&#1601;&#1563;</subfield><subfield code="c">1967.</subfield></datafield><datafield ind1="1" ind2=" " tag="880"><subfield code="6">700-05/</subfield><subfield code="a">&#1602;&#1610;&#1587;&#1610;&#1548; &#1606;&#1608;&#1585;&#1610; &#1581;&#1605;&#1608;&#1583;&#1610;&#1548;</subfield><subfield code="e">editor.</subfield></datafield><datafield ind1=" " ind2=" " tag="959"><subfield code="a">NNU</subfield><subfield code="b">WEB</subfield><subfield code="c">GENI</subfield><subfield code="t">0</subfield><subfield code="m">Electronic access</subfield><subfield code="s">01</subfield></datafield><datafield ind1=" " ind2=" " tag="999"><subfield code="i">NNU_001680252</subfield><subfield code="s">nyu_aco000316</subfield></datafield></record>